@article{greenwade93,
    author  = "George D. Greenwade",
    title   = "The {C}omprehensive {T}ex {A}rchive {N}etwork ({CTAN})",
    year    = "1993",
    journal = "TUGBoat",
    volume  = "14",
    number  = "3",
    pages   = "342--351"
}

@article{elizama1,
author = "Elizama do Nascimento Oliveira",
title = "Fluxos passados e potencial de comércio internacional do Brasil por setores, 2000 a 2011",
year = "2012",
journal = "ANPEC"
}

@article{beatriz1,
author = "Beatriz Scheerman dos Santos Gonçalves",
title = "Fluxo do Comércio Internacional Brasileiro segundo o modelo gravitacional em 2012",
year = "2012",
journal = "UFSC"
}

@book{krugman1,
author = "Paul Krugman",
title = "Economia Internacional: teoria e política",
year = "2009",
volume = "6"}


@article{fabio1,
author = "Fábio Nascimento",
title = "A evolução do Modelo Gravitacional na economia",
year = "2012",
journal = "Saber Humano"
}

@article{sohn,
author = "CHAN HYUN SOHN",
title = "DOES THE GRAVITY MODEL EXPLAIN SOUTH KOREA'S TRADE FLOWS?",
year = "2005",
journal = "Wiley Online Library"
}
